@book{davis2006direct,
  title={Direct methods for sparse linear systems},
  author={Davis, Timothy A},
  year={2006},
  publisher={SIAM}
}

@article{duff1989sparse,
  title={Sparse matrix test problems},
  author={Duff, Iain S and Grimes, Roger G and Lewis, John G},
  journal={ACM Transactions on Mathematical Software (TOMS)},
  volume={15},
  number={1},
  pages={1--14},
  year={1989},
  publisher={ACM New York, NY, USA}
}

@article{young1954iterative,
  title={Iterative methods for solving partial difference equations of elliptic type},
  author={Young, David},
  journal={Transactions of the American Mathematical Society},
  volume={76},
  number={1},
  pages={92--111},
  year={1954},
  publisher={JSTOR}
}

@incollection{gutknecht2007brief,
  title={A brief introduction to Krylov space methods for solving linear systems},
  author={Gutknecht, Martin H},
  booktitle={Frontiers of Computational Science},
  pages={53--62},
  year={2007},
  publisher={Springer}
}

@article{heyouni2010extended,
  title={Extended Arnoldi methods for large low-rank Sylvester matrix equations},
  author={Heyouni, Mohammed},
  journal={Applied numerical mathematics},
  volume={60},
  number={11},
  pages={1171--1182},
  year={2010},
  publisher={Elsevier}
}

@article{bentbib2017some,
  title={On some extended block Krylov based methods for large scale nonsymmetric Stein matrix equations},
  author={Bentbib, Abdeslem Hafid and Jbilou, Khalide and Sadek, EL},
  journal={Mathematics},
  volume={5},
  number={2},
  pages={21},
  year={2017},
  publisher={Multidisciplinary Digital Publishing Institute}
}

@article{bentbib2015some,
  title={On some Krylov subspace based methods for large-scale nonsymmetric algebraic Riccati problems},
  author={Bentbib, A and Jbilou, Khalide and Sadek, El M},
  journal={Computers \& Mathematics with Applications},
  volume={70},
  number={10},
  pages={2555--2565},
  year={2015},
  publisher={Elsevier}
}

@article{druskin1998extended,
  title={Extended Krylov subspaces: approximation of the matrix square root and related functions},
  author={Druskin, Vladimir and Knizhnerman, Leonid},
  journal={SIAM Journal on Matrix Analysis and Applications},
  volume={19},
  number={3},
  pages={755--771},
  year={1998},
  publisher={SIAM}
}

@article{simoncini2007new,
  title={A new iterative method for solving large-scale Lyapunov matrix equations},
  author={Simoncini, Valeria},
  journal={SIAM Journal on Scientific Computing},
  volume={29},
  number={3},
  pages={1268--1288},
  year={2007},
  publisher={SIAM}
}

@book{trefethen1997numerical,
  title={Numerical linear algebra},
  author={Trefethen, Lloyd N and Bau III, David},
  volume={50},
  year={1997},
  publisher={Siam}
}

@article{articleKrylovSubspaceMethods,
    author = {Jaimoukha, I.M. and Ebrahim, Mohsen},
    year = {1994},
    month = {02},
    pages = {},
    title = {Krylov Subspace Methods for Solving Large Lyapunov Equations},
    volume = {31},
    journal = {Siam Journal on Numerical Analysis - SIAM J NUMER ANAL},
    doi = {10.1137/0731012}
}

@article{jbilou2003block,
  title={Block Krylov subspace methods for large algebraic Riccati equations},
  author={Jbilou, Khalide},
  journal={Numerical algorithms},
  volume={34},
  number={2-4},
  pages={339--353},
  year={2003},
  publisher={Springer}
}

@techreport{boisvert1996matrix,
  title={The matrix market formats: Initial design},
  author={Boisvert, Ronald F and Pozo, Roldan and Remington, Karin A},
  year={1996},
  institution={Technical report, Applied and Computational Mathematics Division, NIST}
}

@book{van1983matrix,
  title={Matrix computations},
  author={Van Loan, Charles F and Golub, Gene H},
  year={1983},
  publisher={Johns Hopkins University Press Baltimore}
}

@inproceedings{freund2004sprim,
  title={SPRIM: structure-preserving reduced-order interconnect macromodeling},
  author={Freund, Roland W},
  booktitle={IEEE/ACM International Conference on Computer Aided Design, 2004. ICCAD-2004.},
  pages={80--87},
  year={2004},
  organization={IEEE}
}

@inproceedings{freund2004sprim,
  title={SPRIM: structure-preserving reduced-order interconnect macromodeling},
  author={Freund, Roland W},
  booktitle={IEEE/ACM International Conference on Computer Aided Design, 2004. ICCAD-2004.},
  pages={80--87},
  year={2004},
  organization={IEEE}
}

@incollection{odabasioglu2003prima,
  title={PRIMA: Passive reduced-order interconnect macromodeling algorithm},
  author={Odabasioglu, Altan and Celik, Mustafa and Pileggi, Lawrence T},
  booktitle={The Best of ICCAD},
  pages={433--450},
  year={2003},
  publisher={Springer}
}

@inproceedings{nassif2008power,
  title={Power grid analysis benchmarks},
  author={Nassif, Sani R},
  booktitle={2008 Asia and South Pacific Design Automation Conference},
  pages={376--381},
  year={2008},
  organization={IEEE}
}

@article{ho1975modified,
  title={The modified nodal approach to network analysis},
  author={Ho, Chung-Wen and Ruehli, A and Brennan, Pierce},
  journal={IEEE Transactions on circuits and systems},
  volume={22},
  number={6},
  pages={504--509},
  year={1975},
  publisher={IEEE}
}
